/home/mintpc/Desktop/Projects/basic.bib