/home/mintpc/Desktop/Projects/General/basic.bib